@Inbook{Apt2000,
author="Apt, Krzysztof R.",
editor="Lloyd, John
and Dahl, Veronica
and Furbach, Ulrich
and Kerber, Manfred
and Lau, Kung-Kiu
and Palamidessi, Catuscia
and Pereira, Lu{\'i}s Moniz
and Sagiv, Yehoshua
and Stuckey, Peter J.",
title="A Denotational Semantics for First-Order Logic",
bookTitle="Computational Logic --- CL 2000: First International Conference London, UK, July 24--28, 2000 Proceedings",
year="2000",
publisher="Springer Berlin Heidelberg",
address="Berlin, Heidelberg",
pages="53--69",
isbn="978-3-540-44957-7",
doi="10.1007/3-540-44957-4_4",
url="http://dx.doi.org/10.1007/3-540-44957-4_4"
}

@Inbook{Abadi1996,
author="Abadi, Mart{\'i}n
and Cardelli, Luca",
title="Object-Based Languages",
bookTitle="A Theory of Objects",
year="1996",
publisher="Springer New York",
address="New York, NY",
pages="35--49",
isbn="978-1-4419-8598-9",
doi="10.1007/978-1-4419-8598-9_5",
url="http://dx.doi.org/10.1007/978-1-4419-8598-9_5"
}

@book{burris1981course,
  title={A course in universal algebra},
  author={Burris, S. and Sankappanavar, H.P.},
  isbn={9780387905785},
  lccn={81001619},
  series={Graduate texts in mathematics},
  url={https://books.google.com/books?id=2grvAAAAMAAJ},
  year={1981},
  publisher={Springer-Verlag}
}

@article{Birkhoff_1935,
  title={On the Structure of Abstract Algebras},
  place={Cambridge, UK},
  volume={31},
  url={https://www.cambridge.org/core/article/div-class-title-on-the-structure-of-abstract-algebras-div/D142B3886A3B7A218D8DF8E6DDA2B5B1},
  DOI={10.1017/S0305004100013463},
  abstractNote={The following paper is a study of abstract algebras qua abstract algebras. As no vocabulary suitable for this purpose is current, I have been forced to use a number of new terms, and extend the meaning of some accepted ones.},
  number={4},
  journal={Mathematical Proceedings of the Cambridge Philosophical Society},
  publisher={Cambridge University Press},
  author={Birkhoff, Garrett},
  year={1935},
  month={Oct},
  pages={433â€“454}
}